<record><leader>00000cas a2200000 a 4500</leader><controlfield tag="001">13944266</controlfield><controlfield tag="008">860725d189719uutxuwr p       0    0eng c</controlfield><datafield ind1=" " ind2=" " tag="010"><subfield code="a">sn 86088103 </subfield></datafield><datafield ind1=" " ind2=" " tag="040"><subfield code="a">PPM</subfield><subfield code="b">eng</subfield><subfield code="c">PPM</subfield><subfield code="d">IXA</subfield><subfield code="d">OCL</subfield><subfield code="d">IXA</subfield><subfield code="d">OCLCQ</subfield><subfield code="d">OCLCF</subfield></datafield><datafield ind1="1" ind2=" " tag="029"><subfield code="a">AU@</subfield><subfield code="b">000026436518</subfield></datafield><datafield ind1=" " ind2=" " tag="042"><subfield code="a">pcc</subfield></datafield><datafield ind1=" " ind2=" " tag="043"><subfield code="a">n-us-tx</subfield></datafield><datafield ind1="1" ind2="4" tag="050"><subfield code="a">LD5336</subfield><subfield code="b">.A433</subfield></datafield><datafield ind1="0" ind2=" " tag="130"><subfield code="a">Ranger (Austin, Tex.)</subfield></datafield><datafield ind1="1" ind2="4" tag="245"><subfield code="a">The ranger.</subfield></datafield><datafield ind1=" " ind2=" " tag="260"><subfield code="a">Austin, Tex. :</subfield><subfield code="b">University of Texas,</subfield><subfield code="c">c1897-</subfield></datafield><datafield ind1=" " ind2=" " tag="300"><subfield code="a">v. :</subfield><subfield code="b">ill. ;</subfield><subfield code="c">49 cm.</subfield></datafield><datafield ind1=" " ind2=" " tag="310"><subfield code="a">Weekly</subfield></datafield><datafield ind1="0" ind2=" " tag="362"><subfield code="a">Vol. 3, no. 6 (Nov. 3, 1897)-</subfield></datafield><datafield ind1=" " ind2=" " tag="500"><subfield code="a">After Nov. 3, 1897 Alcalde "the college weekly will be published as The Ranger", and: a second publication called Alcalde "will then be published as a State weekly" (caption below title on issue for v. 3, no. 5 (Oct. 27, 1897).</subfield></datafield><datafield ind1=" " ind2=" " tag="588"><subfield code="a">Latest issue consulted: Vol. 5, no. 33 (June 9, 1900).</subfield></datafield><datafield ind1="2" ind2="0" tag="610"><subfield code="a">University of Texas</subfield><subfield code="v">Periodicals.</subfield></datafield><datafield ind1=" " ind2="7" tag="655"><subfield code="a">Periodicals.</subfield><subfield code="2">fast</subfield><subfield code="0">(OCoLC)fst01411641</subfield></datafield><datafield ind1="2" ind2="7" tag="610"><subfield code="a">University of Texas.</subfield><subfield code="2">fast</subfield><subfield code="0">(OCoLC)fst00530513</subfield></datafield><datafield ind1="2" ind2=" " tag="710"><subfield code="a">University of Texas.</subfield></datafield><datafield ind1="0" ind2="1" tag="780"><subfield code="t">Alcalde (Austin, Tex. : 1895)</subfield><subfield code="w">(DLC)  2004241648</subfield><subfield code="w">(OCoLC)49606041</subfield></datafield></record>